%% This BibTeX bibliography file was created using BibDesk.
%% http://bibdesk.sourceforge.net/

%% Created for MARK GOLDSTEIN at 2017-05-05 00:59:34 -0400 


%% Saved with string encoding Unicode (UTF-8) 



@article{shannon,
	Author = {Shannon, Claude Elwood},
	Date-Added = {2017-05-05 04:58:42 +0000},
	Date-Modified = {2017-05-05 04:59:34 +0000},
	Journal = {Bell Tel Labs Monograph},
	Title = {The Mathematical Theory of Communication},
	Year = {1948}
}

@inproceedings{siangliulue2016ideahound,
  title={IdeaHound: Improving Large-scale Collaborative Ideation with Crowd-powered Real-time Semantic Modeling},
  author={Siangliulue, Pao and Chan, Joel and Dow, Steven P and Gajos, Krzysztof Z},
  booktitle={Proceedings of the 29th Annual Symposium on User Interface Software and Technology},
  pages={609--624},
  year={2016},
  organization={ACM}
}

@inproceedings{siangliulue2015toward,
  title={Toward collaborative ideation at scale: Leveraging ideas from others to generate more creative and diverse ideas},
  author={Siangliulue, Pao and Arnold, Kenneth C and Gajos, Krzysztof Z and Dow, Steven P},
  booktitle={Proceedings of the 18th ACM Conference on Computer Supported Cooperative Work \& Social Computing},
  pages={937--945},
  year={2015},
  organization={ACM}
}

@inproceedings{huang2016chordripple,
  title={Chordripple: Recommending chords to help novice composers go beyond the ordinary},
  author={Huang, Cheng-Zhi Anna and Duvenaud, David and Gajos, Krzysztof Z},
  booktitle={Proceedings of the 21st International Conference on Intelligent User Interfaces},
  pages={241--250},
  year={2016},
  organization={ACM}
}

@inproceedings{bernstein2000complexity,
	Author = {Bernstein, D.S. and Zilberstein, S. and Immerman, N.},
	Booktitle = {UAI},
	Pages = {32--37},
	Title = {The complexity of decentralized control of Markov decision processes},
	Year = {2000}
	
}
